<?xml version="1.0" encoding="UTF-8"?><collection xmlns="http://www.loc.gov/MARC21/slim"><record><leader>00510nam--2200169-i-4500</leader><controlfield tag="001">000001316</controlfield><controlfield tag="002">20161230</controlfield><controlfield tag="005">20161230201024</controlfield><controlfield tag="008">060222s1000------------r-----000-0-eng-d</controlfield><datafield ind1=" " ind2=" " tag="040"><subfield code="a">IFIN-HH</subfield></datafield><datafield ind1=" " ind2=" " tag="080"><subfield code="a">539.171.112(043)</subfield></datafield><datafield ind1="1" ind2=" " tag="100"><subfield code="a">Fransson, Kjell</subfield></datafield><datafield ind1="1" ind2="0" tag="245"><subfield code="a">A search for prompt electrons with low transverse momentum in 630 gev proton antiproton collisions</subfield><subfield code="c">Kjell fransson</subfield></datafield><datafield ind1=" " ind2=" " tag="260"><subfield code="a">Upssala</subfield><subfield code="b">Upssala University</subfield><subfield code="c">1990</subfield></datafield><datafield ind1=" " ind2=" " tag="300"><subfield code="a">153 P</subfield></datafield><datafield ind1=" " ind2=" " tag="852"><subfield code="a">79827</subfield><subfield code="c">539.131</subfield></datafield><datafield ind1=" " ind2=" " tag="CAT"><subfield code="a">Sys</subfield><subfield code="c">20120314</subfield><subfield code="h">164452</subfield></datafield></record></collection>